<?xml version="1.0" encoding="UTF-8"?><collection xmlns="http://www.loc.gov/MARC21/slim"><record><leader>00463nam--2200169-i-4500</leader><controlfield tag="001">000011746</controlfield><controlfield tag="002">20161230</controlfield><controlfield tag="005">20161230201029</controlfield><controlfield tag="008">060222s1000------------r-----000-0-eng-d</controlfield><datafield ind1=" " ind2=" " tag="080"><subfield code="a">515.1</subfield></datafield><datafield ind1=" " ind2=" " tag="100"><subfield code="a">Rushing, Benny T</subfield></datafield><datafield ind1=" " ind2=" " tag="245"><subfield code="a">Topological embeddings</subfield></datafield><datafield ind1=" " ind2=" " tag="260"><subfield code="a">New York, Academic Press, 1973</subfield></datafield><datafield ind1=" " ind2=" " tag="300"><subfield code="a">316 P</subfield></datafield><datafield ind1=" " ind2=" " tag="490"><subfield code="a">Pure And Applied Mathematics.Aseries Of Monogr Aphs And Textbocks</subfield><subfield code="v">vol. 52</subfield></datafield><datafield ind1=" " ind2=" " tag="852"><subfield code="a">13669</subfield></datafield><datafield ind1=" " ind2=" " tag="CAT"><subfield code="a">Sys</subfield><subfield code="c">20080401</subfield><subfield code="h">144531</subfield></datafield></record></collection>